<?xml version="1.0" encoding="UTF-8"?><collection xmlns="http://www.loc.gov/MARC21/slim"><record><leader>00556nam--2200193-u-4500</leader><controlfield tag="001">000054622</controlfield><controlfield tag="002">20161230</controlfield><controlfield tag="005">20161230201051</controlfield><controlfield tag="008">120404s1000------------r-----000-0-rum-d</controlfield><datafield ind1=" " ind2=" " tag="040"><subfield code="a">IFIN-HH</subfield></datafield><datafield ind1=" " ind2=" " tag="041"><subfield code="a">rum</subfield></datafield><datafield ind1=" " ind2=" " tag="080"><subfield code="a">539.144.7(043)</subfield></datafield><datafield ind1="1" ind2=" " tag="100"><subfield code="a">Zaharcu, M</subfield></datafield><datafield ind1="1" ind2="0" tag="245"><subfield code="a">Studiul prorietatilor electromagnetice statice si dinamice ale strazii izomere 8+ din 84kr</subfield><subfield code="b">Teza</subfield><subfield code="c">M. zaharcu</subfield></datafield><datafield ind1=" " ind2=" " tag="260"><subfield code="a">Bucuresti</subfield><subfield code="b">Ifin</subfield><subfield code="c">1983</subfield></datafield><datafield ind1=" " ind2=" " tag="300"><subfield code="a">116P</subfield></datafield><datafield ind1=" " ind2=" " tag="502"><subfield code="a">Conducator Stiintific: Dr. E. Ivanov</subfield></datafield><datafield ind1=" " ind2=" " tag="852"><subfield code="a">71458</subfield><subfield code="c">539.14</subfield></datafield><datafield ind1=" " ind2=" " tag="CAT"><subfield code="a">Sys</subfield><subfield code="c">20120404</subfield><subfield code="h">141822</subfield></datafield></record></collection>